@book{ginzburg2012interactive,
  title={The interactive stance},
  author={Ginzburg, Jonathan},
  year={2012},
  publisher={Oxford University Press}
}

@article{purver-rlc06,
  author = {Purver, M.},
  title = {{CLARIE}: Handling Clarification Requests in a Dialogue System},
  journal = {Research on Language \& Computation},
  year = {2006},
  volume = {4},
  pages = {259--288},
  number = {2},
  publisher = {Springer}
}

@article{dixon2009plans,
  title={Plans, actions and dialogues using linear logic},
  author={Dixon, Lucas and Smaill, Alan and Tsang, Tracy},
  journal={Journal of Logic, Language and Information},
  volume={18},
  number={2},
  pages={251--289},
  year={2009},
  publisher={Springer}
}